@article{boukal2015analyses,
  title={Analyses of Developmental Rate Isomorphy in Ectotherms: Introducing the Dirichlet Regression},
  author={Boukal, David S and Ditrich, Tom{\'a}{\v{s}} and Kutcherov, Dmitry and Sroka, Pavel and Dudov{\'a}, Pavla and Pap{\'a}{\v{c}}ek, Miroslav},
  journal={PloS one},
  volume={10},
  number={6},
  pages={e0129341},
  year={2015},
  publisher={Public Library of Science}
}

@article{hickey2015prediction,
  title={Prediction of Forestry Planned End Products Using Dirichlet Regression and Neural Networks},
  author={Hickey, Ciar{\'a}n and Kelly, Stephen and Carroll, Paula and O'Connor, John},
  journal={Forest Science},
  volume={61},
  number={2},
  pages={289--297},
  year={2015},
  publisher={Society of American Foresters}
}

@misc{nikitovic2011functional,
  title={Functional Data Analysis in Forecasting Serbian Fertility},
  author={Nikitovi{\'c}, Vladimir},
  year={2011},
  publisher={Stanovni{\v{s}}tvo}
}

@article{tian2010functional,
  title={Functional data analysis in brain imaging studies},
  author={Tian, Tian Siva},
  journal={Frontiers in Psychology},
  volume={1},
  year={2010},
  publisher={Frontiers Media SA}
}

@article{martinez2014air,
  title={Air quality parameters outliers detection using functional data analysis in the Langreo urban area (Northern Spain)},
  author={Mart{\'\i}nez, J and Saavedra, {\'A} and Garc{\'\i}a-Nieto, PJ and Pi{\~n}eiro, JI and Iglesias, Carla and Taboada, J and Sancho, J and Pastor, J},
  journal={Applied Mathematics and Computation},
  volume={241},
  pages={1--10},
  year={2014},
  publisher={Elsevier}
}

@article{gorrostieta2014characterization,
  title={Characterization of storm wave asymmetries with functional data analysis},
  author={Gorrostieta, Cristina and Ortega, J and Quiroz, Adolfo J and Smith, George H},
  journal={Environmental and ecological statistics},
  volume={21},
  number={2},
  pages={263--283},
  year={2014},
  publisher={Springer}
}


@article{muelas2016facing,
  title={Facing Network Management Challenges with Functional Data Analysis: Techniques \& Opportunities},
  author={Muelas, David and de Vergara, Jorge E L{\'o}pez and Berrendero, Jos{\'e} R and Ramos, Javier and Aracil, Javier},
  journal={Mobile Networks and Applications},
  pages={1--13},
  year={2016},
  publisher={Springer}
}

@article{dass2012introducing,
  title={Introducing functional data analysis to managerial science},
  author={Dass, Mayukh and Shropshire, Christine},
  journal={Organizational Research Methods},
  volume={15},
  number={4},
  pages={693--721},
  year={2012},
  publisher={Sage Publications}
}

@article{burfield2015review,
  title={Review and application of functional data analysis to chemical data?The example of the comparison, classification, and database search of forensic ink chromatograms},
  author={Burfield, Riley and Neumann, Cedric and Saunders, Christopher P},
  journal={Chemometrics and Intelligent Laboratory Systems},
  volume={149},
  pages={97--106},
  year={2015},
  publisher={Elsevier}
}

@article{reimherr2014functional,
  title={A functional data analysis approach for genetic association studies},
  author={Reimherr, Matthew and Nicolae, Dan and others},
  journal={The Annals of Applied Statistics},
  volume={8},
  number={1},
  pages={406--429},
  year={2014},
  publisher={Institute of Mathematical Statistics}
}

@article{leng2006classification,
  title={Classification using functional data analysis for temporal gene expression data},
  author={Leng, Xiaoyan and M{\"u}ller, Hans-Georg},
  journal={Bioinformatics},
  volume={22},
  number={1},
  pages={68--76},
  year={2006},
  publisher={Oxford Univ Press}
}


@article{epifanio2014hippocampal,
  title={Hippocampal shape analysis in Alzheimer's disease using functional data analysis},
  author={Epifanio, Irene and Ventura-Campos, Noelia},
  journal={Statistics in medicine},
  volume={33},
  number={5},
  pages={867--880},
  year={2014},
  publisher={Wiley Online Library}
}



@article{epifanio2011functional,
  title={Functional data analysis in shape analysis},
  author={Epifanio, Irene and Ventura-Campos, Noelia},
  journal={Computational Statistics \& Data Analysis},
  volume={55},
  number={9},
  pages={2758--2773},
  year={2011},
  publisher={Elsevier}
}



@article{levitin2007introduction,
  title={Introduction to functional data analysis.},
  author={Levitin, Daniel J and Nuzzo, Regina L and Vines, Bradley W and Ramsay, JO},
  journal={Canadian Psychology/Psychologie canadienne},
  volume={48},
  number={3},
  pages={135},
  year={2007},
  publisher={Canadian Psychological Association}
}



@article{chen2003jensen,
  title={Jensen's inequality for g-expectation: part 1},
  author={Chen, Zengjing and Kulperger, Reg and Jiang, Long},
  journal={Comptes Rendus Mathematique},
  volume={337},
  number={11},
  pages={725--730},
  year={2003},
  publisher={Elsevier}
}

@book{king2007our,
  title={Our changing planet: the view from space},
  author={King, Michael D and Parkinson, Claire L and Partington, Kim C and Williams, Robin G},
  year={2007},
  publisher={Cambridge University Press New York, New York, USA}
}


@book{burba2013eddy,
  title={Eddy covariance method for scientific, industrial, agricultural and regulatory applications: A field book on measuring ecosystem gas exchange and areal emission rates},
  author={Burba, George},
  year={2013},
  publisher={Li-Cor Biosciences}
}

@article{mito2012simple,
  title={A simple algorithm to estimate sensible heat flux from remotely sensed {MODIS} data},
  author={Mito, CO and Boiyo, RK and Laneve, G},
  journal={International Journal of Remote Sensing},
  volume={33},
  number={19},
  pages={6109--6121},
  year={2012},
  publisher={Taylor \& Francis}
}


@article{wharton2009strong,
  title={Strong links between teleconnections and ecosystem exchange found at a {Pacific Northwest }old-growth forest from flux tower and {MODIS EVI} data},
  author={Wharton, Sonia and Chasmer, Laura and Falk, Matthias and others},
  journal={Global Change Biology},
  volume={15},
  number={9},
  pages={2187--2205},
  year={2009},
  publisher={Wiley Online Library}
}

@inproceedings{camargo2012estimation,
  title={Estimation and model selection in Dirichlet Regression},
  author={Camargo, Andr{\'e} P and Stern, Julio M and Lauretto, Marcelo S and Goyal, Philip and Giffin, Adom and Knuth, Kevin H and Vrscay, Edward},
  booktitle={AIP Conference Proceedings-American Institute of Physics},
  volume={1443},
  number={1},
  pages={206},
  year={2012}
}


@article{hijazi2009modelling,
  title={Modelling compositional data using Dirichlet regression models},
  author={Hijazi, Rafiq H and Jernigan, Robert W},
  journal={Journal of Applied Probability \& Statistics},
  volume={4},
  number={1},
  pages={77--91},
  year={2009}
}


@book{ramsay2006functional,
  title={Functional Data Analysis},
  author={Ramsay, James O and Silverman, Bernard},
  year={2006},
  publisher={Wiley}
}


@article{misson2007partitioning,
  title={Partitioning forest carbon fluxes with overstory and understory eddy-covariance measurements: a synthesis based on FLUXNET data},
  author={Misson, Laurent and Baldocchi, DD and Black, TA and Blanken, PD and Brunet, Y and Yuste, J Curiel and Dorsey, JR and Falk, M and Granier, A and Irvine, MR and others},
  journal={Agricultural and Forest Meteorology},
  volume={144},
  number={1},
  pages={14--31},
  year={2007},
  publisher={Elsevier}
}


@article{gueorguieva2008dirichlet,
  title={Dirichlet component regression and its applications to psychiatric data},
  author={Gueorguieva, Ralitza and Rosenheck, Robert and Zelterman, Daniel},
  journal={Computational Statistics \& Data Analysis},
  volume={52},
  number={12},
  pages={5344--5355},
  year={2008},
  publisher={Elsevier}
}


@unpublished{maier2014dirichletreg,
  title={DirichletReg: Dirichlet regression for compositional data in R},
  author={Maier, Marco J},
  year={2014},
  publisher={WU Vienna University of Economics and Business}
}

@unpublised{FDAGiles,
	title={Functional Data Analysis (A Short Course)},
	author={Hooker, Giles},
	year={2010}
}

@article{heinsch2006evaluation,
  title={Evaluation of remote sensing based terrestrial productivity from {MODIS} using regional tower eddy flux network observations},
  author={Heinsch, Faith Ann and Zhao, Maosheng and Running, Steven W and Kimball, John S and Nemani, Ramakrishna R and Davis, Kenneth J and Bolstad, Paul V and Cook, Bruce D and Desai, Ankur R and Ricciuto, Daniel M and others},
  journal={IEEE Transactions on Geoscience and Remote Sensing},
  volume={7},
  number={44},
  pages={1908--1925},
  year={2006}
}


@article{kalfas2011modeling,
  title={Modeling gross primary production of irrigated and rain-fed maize using {MODIS} imagery and {CO2} flux tower data},
  author={Kalfas, Joshua L and Xiao, Xiangming and Vanegas, Diana X and Verma, Shashi B and Suyker, Andrew E},
  journal={Agricultural and Forest Meteorology},
  volume={151},
  number={12},
  pages={1514--1528},
  year={2011},
  publisher={Elsevier}
}


@article{yan2009modeling,
  title={Modeling gross primary productivity for winter wheat--maize double cropping system using {MODIS} time series and {CO2} eddy flux tower data},
  author={Yan, Huimin and Fu, Yuling and Xiao, Xiangming and Huang, He Qing and He, Honglin and Ediger, Laura},
  journal={Agriculture, ecosystems \& environment},
  volume={129},
  number={4},
  pages={391--400},
  year={2009},
  publisher={Elsevier}
}


@article{cleugh2007regional,
  title={Regional evaporation estimates from flux tower and {MODIS} satellite data},
  author={Cleugh, Helen A and Leuning, Ray and Mu, Qiaozhen and Running, Steven W},
  journal={Remote Sensing of Environment},
  volume={106},
  number={3},
  pages={285--304},
  year={2007},
  publisher={Elsevier}
}


@article{klosterman2014evaluating,
  title={Evaluating remote sensing of deciduous forest phenology at multiple spatial scales using PhenoCam imagery},
  author={Klosterman, Stephen and Hufkens, Koen and Gray, JM and Melaas, E and Sonnentag, O and Lavine, I and Mitchell, L and Norman, R and Friedl, MA and Richardson, Andrew},
  journal = {Biogeosciences Discuss},
  year={2014},
  pages={4305—4320},
  publisher={Copernicus GmbH}
}


@article{moffat2007comprehensive,
  title={Comprehensive comparison of gap-filling techniques for eddy covariance net carbon fluxes},
  author={Moffat, Antje M and Papale, Dario and Reichstein, Markus and Hollinger, David Y and Richardson, Andrew D and Barr, Alan G and Beckstein, Clemens and Braswell, Bobby H and Churkina, Galina and Desai, Ankur R and others},
  journal={Agricultural and Forest Meteorology},
  volume={147},
  number={3},
  pages={209--232},
  year={2007},
  publisher={Elsevier}
}

@article{yang2006prediction,
  title={Prediction of continental-scale evapotranspiration by combining {MODIS} and {A}meri{F}lux data through support vector machine},
  author={Yang, Feihua and White, Michael A and Michaelis, Andrew R and Ichii, Kazuhito and Hashimoto, Hirofumi and Votava, Petr and Zhu, A-Xing and Nemani, Ramakrishna R},
  journal={IEEE Transactions on Geoscience and Remote Sensing},
  volume={44},
  number={11},
  pages={3452--3461},
  year={2006},
  publisher={IEEE}
}


@article{yang2007developing,
  title={Developing a continental-scale measure of gross primary production by combining {MODIS} and {A}meri{F}lux data through {S}upport {V}ector {M}achine approach},
  author={Yang, Feihua and Ichii, Kazuhito and White, Michael A and Hashimoto, Hirofumi and Michaelis, Andrew R and Votava, Petr and Zhu, A-Xing and Huete, Alfredo and Running, Steven W and Nemani, Ramakrishna R},
  journal={Remote Sensing of Environment},
  volume={110},
  number={1},
  pages={109--122},
  year={2007},
  publisher={Elsevier}
}





